@Article{Monchick1961,
  Title                    = {Transport Properties of Polar Gases},
  Author                   = {Monchick, L. and Mason, E. A.},
  Journal                  = {The Journal of Chemical Physics},
  Year                     = {1961},
  Number                   = {5},
  Pages                    = {1676--1697},
  Volume                   = {35},

  Doi                      = {http://dx.doi.org/10.1063/1.1732130},
  File                     = {Monchick1961.pdf:combustion/Monchick1961.pdf:PDF},
  Owner                    = {splessis},
  Timestamp                = {2014.05.15},
  Url                      = {http://scitation.aip.org/content/aip/journal/jcp/35/5/10.1063/1.1732130}
}
